@article{savage2015componentizing,
	title={Componentizing the web},
	author={Savage, Taylor},
	journal={Communications of the ACM},
	volume={58},
	number={11},
	pages={55--61},
	year={2015},
	publisher={ACM}
}

@article{ohrt2012cross,
	title={Cross-platform development tools for smartphone applications},
	author={Ohrt, Julian and Turau, Volker},
	journal={Computer},
	volume={45},
	number={9},
	pages={72--79},
	year={2012},
	publisher={Institute of Electrical and Electronics Engineers, Inc., 3 Park Avenue, 17 th Fl New York NY 10016-5997 United States}
}

@incollection{bryant2012responsive,
	title={Responsive web design},
	author={Bryant, Jay and Jones, Mike},
	booktitle={Pro HTML5 Performance},
	pages={37--49},
	year={2012},
	publisher={Springer}
}

@article{dominguez2017deployment,
	title={Deployment of a Hybrid Broadcast-Internet Multi-Device Service for a Live TV Programme},
	author={Dom{\'\i}nguez, A and Agirre, M and Fl{\'o}rez, J and Lafuente, A and Tamayo, I and Zorrilla, M},
	journal={IEEE Transactions on Broadcasting},
	year={2017},
	publisher={IEEE}
}

@article{Claudy2012,
	title={The broadcast empire strikes back},
	author={Claudy, Lynn},
	journal={IEEE Spectrum},
	volume={49},
	number={12},
	year={2012},
	publisher={IEEE}
}

@misc{Obrist2015,
	title={Forward to the theme issue on interactive experiences for television and online video},
	author={Obrist, Marianna and Cesar, Pablo and Basapur, Santosh},
	year={2015},
	publisher={Springer}
}

@article{McGill2015,
	title={A review of collocated multi-user TV},
	author={McGill, Mark and Williamson, John H and Brewster, Stephen A},
	journal={Personal and Ubiquitous Computing},
	volume={19},
	number={5-6},
	pages={743--759},
	year={2015},
	publisher={Springer}
}

@book{Eastman2012,
	title={Media programming: Strategies and practices},
	author={Eastman, Susan Tyler and Ferguson, Douglas A},
	year={2012},
	publisher={Cengage Learning}
}

@article{Bauman2016,
	title={Multi-Platform Television and Business Models: A Babylonian Clutter of Definitions and Concepts},
	author={Baumann, Sabine and Hasenpusch, Tim},
	journal={Westminster Papers in Communication and Culture},
	volume={11},
	number={1},
	pages={85--102},
	year={2016},
	publisher={University of Westminster Press}
}

@misc{iptv,
	title = {{DVB-IPTV}},
	howpublished = "\url{https://www.dvb.org/resources/public/factsheets/DVB-IPTV_Factsheet.pdf}",
	author= {{DVBIPTV}},
	year= {2016},
	note = "[Online; accessed 12-September-2017]"
}

@article{iptvieee,
	title={An overview of IPTV standards development},
	author={Maisonneuve, Julien and Deschanel, Muriel and Heiles, Juergen and Li, Wei and Liu, Hong and Sharpe, Randy and Wu, Yiyan},
	journal={IEEE Transactions on Broadcasting},
	volume={55},
	number={2},
	pages={315--328},
	year={2009},
	publisher={IEEE}
}

@misc{hbbtvWeb,
	title = {{Hybrid broadcast broadband TV (HbbTV) Website}},
	howpublished = "\url{http://hbbtv.org/}",
	author= {{HbbTVWeb}},
	year= {2020},
	note = "[Online; accessed 10-February-2020]"
}

@phdthesis{thesisMikel,
	title    = {Interoperable technologies for multi-device media services},
	school   = {UPV/EHU University},
	author   = {Zorrilla, Mikel},
	year     = {2016}, %other attributes omitted
}

@misc{ATSCWeb,
	title = {{Advanced Television Systems Commitee (ATSC) Website}},
	howpublished = "\url{http://atsc.org/standards/atsc-standards/}",
	author= {{ATSCWeb}},
	year= {2020}
	note = "[Online; accessed 10-February-2020]"
}

@article{Chernock2016,
	title={ATSC 3.0 next generation digital TV standard—An overview and preview of the issue},
	author={Chernock, Rich and G{\'o}mez-Barquero, David and Whitaker, Jerry and Park, Sung-Ik and Wu, Yiyan},
	journal={IEEE Transactions on Broadcasting},
	volume={62},
	number={1},
	pages={154--158},
	year={2016},
	publisher={IEEE}
}

@misc{atscwhen,
	title = {{ATSC newsletter - ATSC 3.0: Where we stand}},
	howpublished = "\url{https://www.atsc.org/newsletter/atsc-3-0-where-we-stand/\#WSKYiOWGPct}",
	author= {{ATSC3Newsletter}},
	year= {2019},
	note = "[Online; accessed 10-February-2020]"
}

@inproceedings{soares2009multiple,
	title={Multiple exhibition devices in DTV systems},
	author={Soares, Luiz Fernando Gomes and Costa, Romualdo MR and Moreno, Marcio Ferreira and Moreno, Marcelo F},
	booktitle={Proceedings of the 17th ACM international conference on Multimedia},
	pages={281--290},
	year={2009},
	organization={ACM}
}
@article{soares2010ginga,
	title={Ginga-NCL: declarative middleware for multimedia IPTV services},
	author={Soares, Luiz Fernando Gomes and Moreno, Marcio Ferreira and Neto, Carlos De Salles Soares and Moreno, Marcelo Ferreira},
	journal={IEEE Communications Magazine},
	volume={48},
	number={6},
	pages={74--81},
	year={2010},
	publisher={IEEE}
}
@article{Zang2014,
	title={FOBTV: Worldwide efforts in developing next-generation broadcasting system},
	author={Zhang, Wenjun and Wu, Yiyan and Hur, Namho and Ikeda, Tetsuomi and Xia, Pingjian},
	journal={IEEE Transactions on Broadcasting},
	volume={60},
	number={2},
	pages={154--159},
	year={2014},
	publisher={IEEE}
}
@inproceedings{merkel2011hybrid,
	title={Hybrid broadcast broadband TV, the new way to a comprehensive TV experience},
	author={Merkel, Klaus},
	booktitle={Electronic Media Technology (CEMT), 2011 14th ITG Conference on},
	pages={1--4},
	year={2011},
	organization={IEEE}
}

@misc{MediascapeWeb,
	title = {{MediaScape European project Website}},
	howpublished = "\url{https://cordis.europa.eu/project/rcn/110876/es}",
	author= {{MediaScapeProject}},
	year= {2016},
	note = "[Online; accessed 10-February-2020]"
}

@misc{nem,
	title = {{NEM (Networked \& Electronic Media) Connected TV position paper (December 2012)}},
	howpublished = "\url{https://nem-initiative.org/wp-content/uploads/2013/12/NEM-PP-015.pdf}",
	author= {{NEMConnectedTV}},
	year= {2012},
	note = "[Online; accessed 10-February-2020]"
}

@inproceedings{appdef,
	title={Challenges: an application model for pervasive computing},
	author={Banavar, Guruduth and Beck, James and Gluzberg, Eugene and Munson, Jonathan and Sussman, Jeremy and Zukowski, Deborra},
	booktitle={Proceedings of the 6th annual international conference on Mobile computing and networking},
	pages={266--274},
	year={2000},
	organization={ACM}
}

@article{Zorrilla2015,
	title={A Web-based distributed architecture for multi-device adaptation in media applications},
	author={Zorrilla, Mikel and Borch, Nj{\aa}l and Daoust, Fran{\c{c}}ois and Erk, Alexander and Fl{\'o}rez, Juli{\'a}n and Lafuente, Alberto},
	journal={Personal and Ubiquitous Computing},
	volume={19},
	number={5-6},
	pages={803--820},
	year={2015},
	publisher={Springer}
}

@misc{nielsen2018,
	title = {{NIELSEN, “The nielsen total audience report: Q3 2018”}},
	howpublished = "\url{https://www.nielsen.com/us/en/insights/report/2019/q3-2018-total-audience-report/}",
	author= {{NielsenReportQ32018}},
	year= {2018},
	note = "[Online; accessed 10-February-2020]"
}

@misc{jurgen2016,
	title = {{Jürgen Boyny, HbbTV Symposium (Madrid 2016), “HbbTV and the connected consumer, where are we today?”}},
	howpublished = "\url{https://www.hbbtv.org/wp-content/uploads/2017/01/Juergen-Boyny-GfK-Keynote-HbbTV-Symposium-2016.pdf}",
	author= {{HbbTVSymposium}},
	year= {2016},
	note = "[Online; accessed 10-February-2020]"
}

@misc{flier,
	title = {{HbbTV flier 2015}},
	howpublished = "\url{http://www.eurofins-digitaltesting.com/media/28676/hbbtv-flier-2015.pdf}",
	author= {{HbbTVFlier}},
	year= {2015},
	note = "[Online; accessed 12-September-2017]"
}

@misc{ericsson16,
	title = {{ERICSSON CONSUMERLAB, TV and Media 2016 presentation}},
	howpublished = "\url{https://www.ericsson.com/en/reports-and-papers/consumerlab/reports/tv-and-media-2016}",
	author= {{EricssonCL}},
	year= {2016},
	note = "[Online; accessed 10-February-2020]"
}
@misc{ericsson17,
	title = {{ERICSSON CONSUMERLAB, TV and Media 2017 presentation}},
	howpublished = "\url{https://www.ericsson.com/en/reports-and-papers/consumerlab/reports/tv-and-media-2017}",
	author= {{EricssonCL}},
	year= {2017},
	note = "[Online; accessed 10-February-2020]"
}

@misc{hbbtv10,
	title = {{HbbTV 1.0 specification}},
	howpublished = "\url{http://www.etsi.org/deliver/etsi_ts/102700_102799/102796/01.01.01_60/ts_102796v010101p.pdf}",
	author= {{HbbTV1.0Spec}},
	year= {2010},
	note = "[Online; accessed 10-February-2020]"
}

@misc{hbbtv15,
	title = {{HbbTV 1.5 specification}},
	howpublished = "\url{https://www.hbbtv.org/wp-content/uploads/2015/07/HbbTV-specification-1-5.pdf}",
	author= {{HbbTV1.5Spec}},
	year= {2012},
	note = "[Online; accessed 10-February-2020]"
}

@misc{hbbtv20,
	title = {{HbbTV 2.0 specification}},
	howpublished = "\url{https://www.hbbtv.org/wp-content/uploads/2015/07/HbbTV_specification_2_0.pdf}",
	author= {{HbbTV2.0Spec}},
	year= {2015},
	note = "[Online; accessed 10-February-2020]"
}
@misc{opapp,
	title = {{HbbTV OpApp specification}},
	howpublished = "\url{https://www.etsi.org/deliver/etsi_ts/103600_103699/103606/01.01.01_60/ts_103606v010101p.pdf}",
	author= {{HbbTVOpApp}},
	year= {2019},
	note = "[Online; accessed 10-February-2020]"
}

@misc{oipf,
	title = {{Open IPTV Forum (OIPF) Website}},
	howpublished = "\url{http://www.oipf.tv/}",
	author= {{OIPFWebsite}},
	year= {2014},
	note = "[Online; accessed 10-February-2020]"
}

@misc{DAE,
	title = {{OIPF-DAE specification}},
	howpublished = "\url{http://www.oipf.tv/docs/OIPF-T1-R2_Specification-Volume-5-Declarative-Application-Environment-v2_3-2014-01-24.pdf}",
	author= {{OIPFDAESpec}},
	year= {2014},
	note = "[Online; accessed 10-February-2020]"
}

@misc{w3c,
	title = {{World Wide Web Consortium (W3C) Website}},
	howpublished = "\url{https://www.w3.org/}",
	author= {{W3CWeb}},
	year= {2020},
	note = "[Online; accessed 10-February-2020]"
}

@misc{cea,
	title = {{CE-HTML description}},
	howpublished = "\url{https://ec.europa.eu/eip/ageing/standards/ict-and-communication/smart-tv/ce-html_en}",
	author= {{CEHTMLDescr}},
	year= {2011},
	note = "[Online; accessed 10-February-2020]"
}

@misc{html,
	title = {{Hypertext Markup Language standard}},
	howpublished = "\url{https://www.w3.org/html/}",
	author= {{HTMLStandard}},
	year= {2017},
	note = "[Online; accessed 10-February-2020]"
}

@misc{css,
	title = {{Cascading Style Sheets standard}},
	howpublished = "\url{https://www.w3.org/Style/CSS/Overview.en.html}",
	author= {{CSSStandard}},
	year= {2020},
	note = "[Online; accessed 10-February-2020]"
}

@misc{js,
	title = {{JavaScript Web API of W3C}},
	howpublished = "\url{https://www.w3.org/standards/webdesign/script}",
	author= {{JavaScriptWebAPI}},
	year= {2020},
	note = "[Online; accessed 10-February-2020]"
}

@misc{ajax,
	title = {{AJAX definition}},
	howpublished = "\url{http://adaptivepath.org/ideas/ajax-new-approach-web-applications/}",
	author={AdaptivePath},
	year={2015},
	note = "[Online; accessed 10-February-2020]"
}

@misc{dom,
	title = {{Document Object Model standard}},
	howpublished = "\url{https://www.w3.org/DOM/}",
	author= {{DOMStandard}},
	year= {2009},
	note = "[Online; accessed 10-February-2020]"
}

@misc{DVBstandards,
	title = {{DVB standards}},
	howpublished = "\url{https://dvb.org/}",
	author= {{DVBWebsite}},
	year= {2017},
	note = "[Online; accessed 10-February-2020]"
}

@misc{iso,
	title = {{International Organization for Standardization (ISO) Website}},
	howpublished = "\url{https://www.iso.org/home.html}",
	author= {{ISOWebsite}},
	year= {2020},
	note = "[Online; accessed 10-February-2020]"
}

@misc{iec,
	title = {{International Electrotechnical Commission (IEC) Website}},
	howpublished = "\url{http://www.iec.ch/}",
	author= {{IECWebsite}},
	year= {2020},
	note = "[Online; accessed 10-February-2020]"
}

@article{dash,
	title={The mpeg-dash standard for multimedia streaming over the internet},
	author={Sodagar, Iraj},
	journal={IEEE MultiMedia},
	volume={18},
	number={4},
	pages={62--67},
	year={2011},
	publisher={IEEE}
}

@misc{D21,
	title = {{MEDIASCAPE project deliverable “Usage scenarios and requirements”}},
	howpublished = "\url{https://vicomtech.box.com/s/8ec4hhy5qiuowpuirfpfxsck0yht38u4}",
	author= {{UsageScenarios}},
	year= {2016},
	note = "[Online; accessed 10-February-2020]"
}

@misc{vimeo,
	title = {{Vicomtech's Vimeo Website}},
	howpublished = "\url{https://vimeo.com/184664494}",
	author= {{VicomtechVimeo}},
	year= {2020},
	note = "[Online; accessed 10-February-2020]"
}

@inproceedings{zorrilla14bmsb,
	title={Reaching devices around an HbbTV television},
	author={Zorrilla, Mikel and Martin, Angel and Tamayo, Inigo and O'Halpin, Sean and Hazael-Massieux, Dominique},
	booktitle={Broadband Multimedia Systems and Broadcasting (BMSB), 2014 IEEE International Symposium on},
	pages={1--7},
	year={2014},
	organization={IEEE}
}

@inproceedings{ziegler2013,
	title={Second screen for HbbTV—Automatic application launch and app-to-app communication enabling novel TV programme related second-screen scenarios},
	author={Ziegler, Christoph},
	booktitle={Consumer Electronics?` Berlin (ICCE-Berlin), 2013. ICCEBerlin 2013. IEEE Third International Conference on},
	pages={1--5},
	year={2013},
	organization={IEEE}
}

@inproceedings{zorrilla15bmsb,
	title={User interface adaptation for multi-device Web-based media applications},
	author={Zorrilla, Mikel and Tamayo, I{\~n}igo and Martin, Angel and Dominguez, Ana},
	booktitle={Broadband Multimedia Systems and Broadcasting (BMSB), 2015 IEEE International Symposium on},
	pages={1--7},
	year={2015},
	organization={IEEE}
}

@inproceedings{paterno2012,
	title={A logical framework for multi-device user interfaces},
	author={Patern{\`o}, Fabio and Santoro, Carmen},
	booktitle={Proceedings of the 4th ACM SIGCHI symposium on Engineering interactive computing systems},
	pages={45--50},
	year={2012},
	organization={ACM}
}

@inproceedings{zorrilla2013,
	title={Cloud session maintenance to synchronise HbbTV applications and home network devices},
	author={Zorrilla, Mikel and Tamayo, I{\~n}igo and Martin, Angel and Olaizola, Igor G},
	booktitle={Broadband Multimedia Systems and Broadcasting (BMSB), 2013 IEEE International Symposium on},
	pages={1--6},
	year={2013},
	organization={IEEE}
}

@article{deventer,
	title={Standards for multi-stream and multi-device media synchronization},
	author={van Deventer, M Oskar and Stokking, Hans and Hammond, Matt and Le Feuvre, Jean and Cesar, Pablo},
	journal={IEEE Communications Magazine},
	volume={54},
	number={3},
	pages={16--21},
	year={2016},
	publisher={IEEE}
}

@misc{motion,
	title = {{Shared Motion - Multi-device timing for the web}},
	howpublished = "\url{https://webtiming.github.io/timingsrc/doc/shared_motion.html}",
	author= {{SharedMotion}},
	year= {2016},
	note = "[Online; accessed 10-February-2020]"
}

@misc{tsrc,
	title = {{TimingSrc}},
	howpublished = "\url{https://webtiming.github.io/timingsrc}",
	author= {{TimingSrc}},
	year= {2016},
	note = "[Online; accessed 10-February-2020]"
}



@misc{motioncorp,
	title = {{Motion corporation Website}},
	howpublished = "\url{http://www.motioncorporation.com}",
	author= {{MotionCorpWeb}},
	year= {2020},
	note = "[Online; accessed 10-February-2020]"
}

@misc{webcomps,
	title = {{Web Components W3C specification}},
	howpublished = "\url{http://w3c.github.io/webcomponents/}",
	author= {{WCSpec}},
	year= {2014},
	note = "[Online; accessed 10-February-2020]"
}

@misc{aws,
	title = {{Amazon Web Services (AWS) Website}},
	howpublished = "\url{https://aws.amazon.com/}",
	author= {{AWSWeb}},
	year= {2020},
	note = "[Online; accessed 10-February-2020]"
}

@misc{analytics,
	title = {{Google Analytics Website}},
	howpublished = "\url{https://analytics.google.com/}",
	author={GoogleAnalytics},
	year={2020},
	note = "[Online; accessed 10-February-2020]"
}

@misc{customelements,
	title = {{Custom elements specitication}},
	howpublished = "\url{https://w3c.github.io/webcomponents/spec/custom/}",
	author={CustomElements},
	year={2020},
	note = "[Online; accessed 10-February-2020]"
}

@misc{shadowdom,
	title = {{Shadow DOM specitication}},
	howpublished = "\url{https://w3c.github.io/webcomponents/spec/shadow/}",
	author={ShadowDom},
	year={2019},
	note = "[Online; accessed 10-February-2020]"
}

@misc{htmlimports,
	title = {{HTML Imports specitication}},
	howpublished = "\url{https://w3c.github.io/webcomponents/spec/imports/}",
	author={HTMLImports},
	year={2019},
	note = "[Online; accessed 10-February-2020]"
}

@misc{htmltemplate,
	title = {{HTML Templates specitication}},
	howpublished = "\url{https://www.w3.org/TR/html-templates/}",
	author={HTMLTemplate},
	year={2014},
	note = "[Online; accessed 10-February-2020]"
}

@misc{chrome,
	title = {{Chrome Website}},
	howpublished = "\url{https://www.google.com/chrome/browser/desktop/index.html}",
	author={ChromeWeb},
	year={2020},
	note = "[Online; accessed 10-February-2020]"
}

@misc{opera,
	title = {{Opera Website}},
	howpublished = "\url{https://www.google.com/chrome/browser/desktop/index.html}",
	author={OperaWeb},
	year={2020},
	note = "[Online; accessed 10-February-2020]"
}

@misc{wcpolyfill,
	title = {{Web Components polyfill on Github}},
	howpublished = "\url{https://github.com/WebComponents/webcomponentsjs}",
	author={WCPolyfill},
	year={2019},
	note = "[Online; accessed 10-February-2020]"
}
@misc{demographics,
	title= {{Demographics of the European Union}},
	howpublished= "\url{https://en.wikipedia.org/wiki/Demographics_of_the_European_Union}",
	author={EUDemography},
	year={2018},
	note = "[Online; accessed 10-February-2020]"
}
@misc{staGermany,
	title={{Audiences in Germany}},
	howpublished= "\url{https://www.statista.com/statistics/380528/tv-channels-audience-market-share-germany/}",
	author={AudGermany},
	year={2018},
	note = "[Online; accessed 10-February-2020]"
}
@misc{staFrance,
	title={{Audiences in France}},
	howpublished="\url {https://en.wikipedia.org/wiki/Television_in_France}",
	author={AudFrance},
	year={2018},
	note = "[Online; accessed 10-February-2020]"
}
@misc{staUk,
	title={{Audiences in UK}},
	howpublished="\url {https://www.statista.com/statistics/269983/leading-tv-broadcasters-in-the-uk-by-audience-share/}",
	author={AudUK},
	year={2018},
	note = "[Online; accessed 10-February-2020]"
}@misc{staItaly,
	title={{Audiences in Italy}},
	howpublished="\url { https://en.wikipedia.org/wiki/Television\_in\_Italy\#Most\_important\_all\_national\_free-to-view\_channels}",
	author={AudItaly},
	year={2018},
	note = "[Online; accessed 10-February-2020]"
}
@misc{staSpain,
	title={{Audiences in Spain}},
	howpublished="\url { https://www.statista.com/statistics/447203/leading-television-channels-in-spain-by-audience-share/}",
	author={AudSpain},
	year={2018},
	note = "[Online; accessed 10-February-2020]"
}
@misc{zdf,
	title={{ZDF Website}},
	howpublished="\url { https://www.zdf.de/}",
	author={ZDFWebsite},
	year={2020},
	note = "[Online; accessed 10-February-2020]"
}
@misc{tf1,
	title={{TF1 Website}},
	howpublished="\url { https://www.tf1.fr/}",
	author={TF1Website},
	year={2020},
	note = "[Online; accessed 10-February-2020]"
}
@misc{bbc,
	title={{BBC Website}},
	howpublished="\url { http://www.bbc.co.uk/}",
	author={BBCWebsite},
	year={2020},
	note = "[Online; accessed 10-February-2020]"
}
@misc{rai,
	title={{RAI Website}},
	howpublished="\url { http://www.rai.it/rai1/}",
	author={RAIWebsite},
	year={2020},
	note = "[Online; accessed 10-February-2020]"
}
@misc{telecinco,
	title={{Telecinco Website}},
	howpublished="\url {http://www.telecinco.es/}",
	author={TelecincoWebsite},
	year={2020},
	note = "[Online; accessed 10-February-2020]"
}
@inproceedings{geerts2008implications,
	title={The implications of program genres for the design of social television systems},
	author={Geerts, David and Cesar, Pablo and Bulterman, Dick},
	booktitle={Proceedings of the 1st international conference on Designing interactive user experiences for TV and video},
	pages={71--80},
	year={2008},
	organization={ACM}
}

@misc{ebu,
	title={{EBU Website}},
	howpublished="\url { https://www.ebu.ch/home}",
	author={EBUWeb},
	year={2020},
	note = "[Online; accessed 10-February-2020]"
}
@misc{GerSports,
	title={{Sport emission from Germany (ZDF)}},
	howpublished="\url {https://www.youtube.com/watch?v=px582dU12DI}",
	author={GermanSportEmission},
	year={2017},
	note = "[Online; accessed 10-February-2020]"
}
@misc{GerNews,
	title={{News emission from Germany (ZDF)}},
	howpublished="\url {https://www.youtube.com/watch?v=zqsR5uqM2So}",
	author={GermanNewsEmission},
	year={2017},
	note="[Online; accessed 12-September-2017]"
}
@misc{GerQuiz,
	title={{Quiz emission from Germany (ZDF)}},
	howpublished="\url {https://www.youtube.com/watch?v=mpDjCUiEIVcI}",
	author={GermanQuizEmission},
	year={2017},
	note = "[Online; accessed 10-February-2020]"
}
@misc{GerTalkShow,
	title={{Talk show emission from Germany (ZDF)}},
	howpublished="\url {https://www.zdf.de/comedy/heute-show/heute-show-vom-2-juni-2017-100.html}",
	author={GermanTalkShowEmission},
	year={2017},
	note="[Online; accessed 12-September-2017]"
}

@misc{FrSports,
	title={{Sport emission from France (TF1)}},
	howpublished="\url {https://www.youtube.com/watch?v=Dt-Chvmc3Js}",
	author={FrenchSportEmission},
	year={2017},
	note="[Online; accessed 12-September-2017]"
}
@misc{FrNews,
	title={{News emission from France (TF1)}},
	howpublished="\url { https://www.tf1.fr/tf1/jt-13h/videos/13-heures-1-juin-2017.html}",
	author={FrenchNewsEmission},
	year={2017},
	note="[Online; accessed 12-September-2017]"
}
@misc{FrQuiz,
	title={{Quiz emission from France (TF1)}},
	howpublished="\url {https://www.youtube.com/watch?v=oFunN0a5Zjo}",
	author={FrenchQuizEmission},
	year={2017},
	note="[Online; accessed 12-September-2017]"
}
@misc{FrTalkShow,
	title={{Talk show emission from France (TF1)}},
	howpublished="\url {http://www.lci.fr/replay/replay-24-heures-en-questions-du-1-fevrier-2017-2024424.html}",
	author={FrenchTalkShowEmission},
	year={2017},
	note="[Online; accessed 12-September-2017]"
}

@misc{UkSports,
	title={{Sport emission from UK (BBC)}},
	howpublished="\url {https://www.youtube.com/watch?v=Dt-Chvmc3Js}",
	author={UKSportEmission},
	year={2017},
	note="[Online; accessed 12-September-2017]"
}
@misc{UkNews,
	title={{News emission from UK (BBC)}},
	howpublished="\url { https://www.youtube.com/watch?v=aGeO2JAv4QI}",
	author={UKNewsEmission},
	year={2017},
	note="[Online; accessed 12-September-2017]"
}
@misc{UkQuiz,
	title={{Quiz emission from UK (BBC)}},
	howpublished="\url {https://www.dailymotion.com/video/x575yk0}",
	author={UKQuizEmission},
	year={2017},
	note="[Online; accessed 12-September-2017]"
}
@misc{UkTalkShow,
	title={{Talk show emission from UK (BBC)}},
	howpublished="\url {https://www.youtube.com/watch?v=TAvV4jkU2fY}",
	author={UKTalkShowEmission},
	year={2017},
	note="[Online; accessed 12-September-2017]"
}


@misc{ItSports,
	title={{Sport emission from Italy (RAI)}},
	howpublished="\url {https://www.youtube.com/watch?v=sGdITg9c__c}",
	author={ItalianSportEmission},
	year={2017},
	note = "[Online; accessed 10-February-2020]"
}
@misc{ItNews,
	title={{News emission from Italy (RAI)}},
	howpublished="\url { http://www.rai.it/dl/RaiTV/programmi/media/ContentItem-8edeaa04-6892-4573-b767-a7c82a5a7967.html\#p=0}",
	author={ItalianNewsEmission},
	year={2017},
	note = "[Online; accessed 10-February-2020]"
}
@misc{ItQuiz,
	title={{Quiz emission from Italy (RAI)}},
	howpublished="\url {https://www.youtube.com/watch?v=aS-Ev2MQADo}",
	author={ItalianQuizEmission},
	year={2017},
	note = "[Online; accessed 10-February-2020]"
}
@misc{ItTalkShow,
	title={{Talk show emission from Italy (RAI)}},
	howpublished="\url {http://www.raiplay.it/video/2017/05/Agora-48f91f89-2fe1-42aa-aff6-2aa017629a89.html}",
	author={ItalianTalkShowEmission},
	year={2017},
	note="[Online; accessed 12-September-2017]"
}

@misc{SpaSports,
	title={{Sport emission from Spain (Telecinco)}},
	howpublished="\url {http://www.telecinco.es/motogp/GP-Holanda-carrera-MotoGP-integra_2_1628055060.html}",
	author={SpanishSportEmission},
	year={2017},
	note = "[Online; accessed 10-February-2020]"
}
@misc{SpaNews,
	title={{News emission from Spain (Telecinco)}},
	howpublished="\url {  http://www.telecinco.es/informativos/informativo_15_horas/Informativo-Mediodia-david-cantero-isabel-jimenez_2_2380905136.html}",
	author={SpanishNewsEmission},
	year={2017},
	note = "[Online; accessed 10-February-2020]"
}
@misc{SpaQuiz,
	title={{Quiz emission from Spain (Telecinco)}},
	howpublished="\url {http://www.telecinco.es/pasapalabra/Pasapalabra-completo-HD_2_2381955119.html}",
	author={SpanishQuizEmission},
	year={2017},
	note = "[Online; accessed 10-February-2020]"
}
@misc{SpaTalkShow,
	title={{Talk show emission from Spain (Telecinco)}},
	howpublished="\url {http://www.mitele.es/programas-tv/el-programa-de-ana-rosa/59313bb4102f9ebeda8b45c3/player}",
	author={SpanishTalkShowEmission},
	year={2017},
	note="[Online; accessed 12-September-2017]"
}
@misc{bbcExp,
	title={{Designing for second screens: The Autumnwatch Companion}},
	howpublished="\url {http://www.bbc.co.uk/blogs/researchanddevelopment/2011/04/the-autumnwatch-companion---de.shtml}",
	author={BBCSecScr},
	year={2011},
	note = "[Online; accessed 10-February-2020]"
}
@book{nagel2015multiscreen,
	title={Multiscreen UX Design: Developing for a Multitude of Devices},
	author={Nagel, Wolfram},
	year={2015},
	publisher={Morgan Kaufmann}
}

@inproceedings{park2018adam,
	title={Adam: Adapting multi-user interfaces for collaborative environments in real-time},
	author={Park, Seonwook and Gebhardt, Christoph and R{\"a}dle, Roman and Feit, Anna Maria and Vrzakova, Hana and Dayama, Niraj Ramesh and Yeo, Hui-Shyong and Klokmose, Clemens N and Quigley, Aaron and Oulasvirta, Antti and others},
	booktitle={Proceedings of the 2018 CHI Conference on Human Factors in Computing Systems},
	pages={184},
	year={2018},
	organization={ACM}
}



@inproceedings{radle2014huddlelamp,
	title={Huddlelamp: Spatially-aware mobile displays for ad-hoc around-the-table collaboration},
	author={R{\"a}dle, Roman and Jetter, Hans-Christian and Marquardt, Nicolai and Reiterer, Harald and Rogers, Yvonne},
	booktitle={Proceedings of the Ninth ACM International Conference on Interactive Tabletops and Surfaces},
	pages={45--54},
	year={2014},
	organization={ACM}
}

@inproceedings{schreiner2015connichiwa,
	title={Connichiwa: a framework for cross-device web applications},
	author={Schreiner, Mario and R{\"a}dle, Roman and Jetter, Hans-Christian and Reiterer, Harald},
	booktitle={Proceedings of the 33rd Annual ACM Conference Extended Abstracts on Human Factors in Computing Systems},
	pages={2163--2168},
	year={2015},
	organization={ACM}
}


@inproceedings{frosini2014user,
	title={User interface distribution in multi-device and multi-user environments with dynamically migrating engines},
	author={Frosini, Luca and Patern{\`o}, Fabio},
	booktitle={Proceedings of the 2014 ACM SIGCHI symposium on Engineering interactive computing systems},
	pages={55--64},
	year={2014},
	organization={ACM}
}

@inproceedings{klokmose2015webstrates,
	title={Webstrates: shareable dynamic media},
	author={Klokmose, Clemens N and Eagan, James R and Baader, Siemen and Mackay, Wendy and Beaudouin-Lafon, Michel},
	booktitle={Proceedings of the 28th Annual ACM Symposium on User Interface Software \& Technology},
	pages={280--290},
	year={2015},
	organization={ACM}
}

@inproceedings{nebeling2017xdbrowser,
	title={Xdbrowser 2.0: Semi-automatic generation of cross-device interfaces},
	author={Nebeling, Michael},
	booktitle={Proceedings of the 2017 CHI Conference on Human Factors in Computing Systems},
	pages={4574--4584},
	year={2017},
	organization={ACM}
}
@inproceedings{nebeling2016xdbrowser,
	title={Xdbrowser: User-defined cross-device web page designs},
	author={Nebeling, Michael and Dey, Anind K},
	booktitle={Proceedings of the 2016 CHI Conference on Human Factors in Computing Systems},
	pages={5494--5505},
	year={2016},
	organization={ACM}
}

@inproceedings{yang2014panelrama,
	title={Panelrama: enabling easy specification of cross-device web applications},
	author={Yang, Jishuo and Wigdor, Daniel},
	booktitle={Proceedings of the SIGCHI Conference on Human Factors in Computing Systems},
	pages={2783--2792},
	year={2014},
	organization={ACM}
}

@inproceedings{husmann2017orchestrating,
	title={Orchestrating multi-device presentations with OmniPresent},
	author={Husmann, Maria and Huguenin, Daniel and Geel, Matthias and Norrie, Moira C},
	booktitle={Proceedings of the 6th ACM International Symposium on Pervasive Displays},
	pages={3},
	year={2017},
	organization={ACM}
}

@inproceedings{dong2016understanding,
	title={Understanding the challenges of designing and developing multi-device experiences},
	author={Dong, Tao and Churchill, Elizabeth F and Nichols, Jeffrey},
	booktitle={Proceedings of the 2016 ACM Conference on Designing Interactive Systems},
	pages={62--72},
	year={2016},
	organization={ACM}
}

@article{grubert2016challenges,
	title={Challenges in mobile multi-device ecosystems},
	author={Grubert, Jens and Kranz, Matthias and Quigley, Aaron},
	journal={mUX: The Journal of Mobile User Experience},
	volume={5},
	number={1},
	pages={5},
	year={2016},
	publisher={SpringerOpen}
}
@inproceedings{santosa2013field,
	title={A field study of multi-device workflows in distributed workspaces},
	author={Santosa, Stephanie and Wigdor, Daniel},
	booktitle={Proceedings of the 2013 ACM international joint conference on Pervasive and ubiquitous computing},
	pages={63--72},
	year={2013},
	organization={ACM}
}

@inproceedings{waljas2010cross,
	title={Cross-platform service user experience: a field study and an initial framework},
	author={W{\"a}ljas, Minna and Segerst{\aa}hl, Katarina and V{\"a}{\"a}n{\"a}nen-Vainio-Mattila, Kaisa and Oinas-Kukkonen, Harri},
	booktitle={Proceedings of the 12th international conference on Human computer interaction with mobile devices and services},
	pages={219--228},
	year={2010},
	organization={ACM}
}

@inproceedings{jokela2015diary,
	title={A diary study on combining multiple information devices in everyday activities and tasks},
	author={Jokela, Tero and Ojala, Jarno and Olsson, Thomas},
	booktitle={Proceedings of the 33rd Annual ACM Conference on Human Factors in Computing Systems},
	pages={3903--3912},
	year={2015},
	organization={ACM}
}

@inproceedings{chapuis2014smarties,
	title={Smarties: An input system for wall display development},
	author={Chapuis, Olivier and Bezerianos, Anastasia and Frantzeskakis, Stelios},
	booktitle={Proceedings of the SIGCHI Conference on Human Factors in Computing Systems},
	pages={2763--2772},
	year={2014},
	organization={ACM}
}

@inproceedings{radle2015spatially,
	title={Spatially-aware or spatially-agnostic?: Elicitation and evaluation of user-defined cross-device interactions},
	author={R{\"a}dle, Roman and Jetter, Hans-Christian and Schreiner, Mario and Lu, Zhihao and Reiterer, Harald and Rogers, Yvonne},
	booktitle={Proceedings of the 33rd Annual ACM Conference on Human Factors in Computing Systems},
	pages={3913--3922},
	year={2015},
	organization={ACM}
}
@incollection{langner2016content,
	title={Content Sharing Between Spatially-Aware Mobile Phones and Large Vertical Displays Supporting Collaborative Work},
	author={Langner, Ricardo and Von Zadow, Ulrich and Horak, Tom and Mitschick, Annett and Dachselt, Raimund},
	booktitle={Collaboration Meets Interactive Spaces},
	pages={75--96},
	year={2016},
	publisher={Springer}
}
@inproceedings{marquardt2012cross,
	title={Cross-device interaction via micro-mobility and f-formations},
	author={Marquardt, Nicolai and Hinckley, Ken and Greenberg, Saul},
	booktitle={Proceedings of the 25th annual ACM symposium on User interface software and technology},
	pages={13--22},
	year={2012},
	organization={ACM}
}

@inproceedings{siddhpuria2018pointing,
	title={Pointing at a distance with everyday smart devices},
	author={Siddhpuria, Shaishav and Malacria, Sylvain and Nancel, Mathieu and Lank, Edward},
	booktitle={Proceedings of the 2018 CHI Conference on Human Factors in Computing Systems},
	pages={173},
	year={2018},
	organization={ACM}
}


@inproceedings{von2014sleed,
	title={Sleed: Using a sleeve display to interact with touch-sensitive display walls},
	author={Von Zadow, Ulrich and B{\"u}schel, Wolfgang and Langner, Ricardo and Dachselt, Raimund},
	booktitle={Proceedings of the Ninth ACM International Conference on Interactive Tabletops and Surfaces},
	pages={129--138},
	year={2014},
	organization={ACM}
}

@inproceedings{horak2019vistribute,
	title={Vistribute: Distributing Interactive Visualizations in Dynamic Multi-Device Setups},
	author={Horak, Tom and Mathisen, Andreas and Klokmose, Clemens N and Dachselt, Raimund and Elmqvist, Niklas},
	booktitle={Proceedings of the ACM Conference on Human Factors in Computing Systems. ACM, New York, NY, USA.(conditionally accepted)},
	year={2019}
}


@inproceedings{houben2015watchconnect,
	title={Watchconnect: A toolkit for prototyping smartwatch-centric cross-device applications},
	author={Houben, Steven and Marquardt, Nicolai},
	booktitle={Proceedings of the 33rd Annual ACM Conference on Human Factors in Computing Systems},
	pages={1247--1256},
	year={2015},
	organization={ACM}
}

@inproceedings{badam2014polychrome,
	title={Polychrome: A cross-device framework for collaborative web visualization},
	author={Badam, Sriram Karthik and Elmqvist, Niklas},
	booktitle={Proceedings of the Ninth ACM International Conference on Interactive Tabletops and Surfaces},
	pages={109--118},
	year={2014},
	organization={ACM}
}

@article{badam2015munin,
	title={Munin: A peer-to-peer middleware for ubiquitous analytics and visualization spaces},
	author={Badam, Sriram Karthik and Fisher, Eli and Elmqvist, Niklas},
	journal={IEEE Transactions on Visualization and Computer Graphics},
	volume={21},
	number={2},
	pages={215--228},
	year={2015},
	publisher={IEEE}
}
@inproceedings{todi2016sketchplore,
	title={Sketchplore: Sketch and explore with a layout optimiser},
	author={Todi, Kashyap and Weir, Daryl and Oulasvirta, Antti},
	booktitle={Proceedings of the 2016 ACM Conference on Designing Interactive Systems},
	pages={543--555},
	year={2016},
	organization={ACM}
}

@article{oulasvirta2017user,
	title={User interface design with combinatorial optimization},
	author={Oulasvirta, Antti},
	journal={Computer},
	volume={50},
	number={1},
	pages={40--47},
	year={2017},
	publisher={IEEE}
}
@article{neate2016interdevice,
	title={Interdevice media: choreographing content to maximize viewer engagement},
	author={Neate, Timothy and Jones, Matt and Evans, Michael},
	journal={Computer},
	volume={49},
	number={12},
	pages={42--49},
	year={2016},
	publisher={IEEE}
}

@inproceedings{mcgrath2012branch,
	title={Branch-explore-merge: facilitating real-time revision control in collaborative visual exploration},
	author={McGrath, Will and Bowman, Brian and McCallum, David and Hincapi{\'e}-Ramos, Juan David and Elmqvist, Niklas and Irani, Pourang},
	booktitle={Proceedings of the 2012 ACM international conference on Interactive tabletops and surfaces},
	pages={235--244},
	year={2012},
	organization={ACM}
}
@inproceedings{dominguez2018componentizing,
	title={Componentizing a Hybrid Broadcast-Internet Multi-Device Media Service},
	author={Dominguez, Ana and Tamayo, I{\~n}igo and Zorrilla, Mikel and Florez, Julian and Lafuente, Alberto},
	booktitle={2018 IEEE International Symposium on Broadband Multimedia Systems and Broadcasting (BMSB)},
	pages={1--6},
	year={2018},
	organization={IEEE}
}

@inproceedings{dominguez2019methods,
	title={Methods for device characterisation in media services},
	author={Dom{\'\i}nguez, Ana and Fl{\'o}rez, Juli{\'a}n and Lafuente, Alberto and Masneri, Stefano and Tamayo, I{\~n}igo and Zorrilla, Mikel},
	booktitle={Proceedings of the 2019 ACM International Conference on Interactive Experiences for TV and Online Video},
	pages={118--128},
	year={2019}
}
@article{sears1993layout,
	title={Layout appropriateness: A metric for evaluating user interface widget layout},
	author={Sears, Andrew},
	journal={IEEE Transactions on Software Engineering},
	volume={19},
	number={7},
	pages={707--719},
	year={1993},
	publisher={IEEE}
}
@article{hussain2018model,
	title={Model-based adaptive user interface based on context and user experience evaluation},
	author={Hussain, Jamil and Hassan, Anees Ul and Bilal, Hafiz Syed Muhammad and Ali, Rahman and Afzal, Muhammad and Hussain, Shujaat and Bang, Jaehun and Banos, Oresti and Lee, Sungyoung},
	journal={Journal on Multimodal User Interfaces},
	volume={12},
	number={1},
	pages={1--16},
	year={2018},
	publisher={Springer}
}

@article{bulling2016pervasive,
	title={Pervasive attentive user interfaces},
	author={Bulling, Andreas},
	journal={Computer},
	number={1},
	pages={94--98},
	year={2016},
	publisher={IEEE}
}

@incollection{carroll2012exploring,
	title={Exploring Past Trends and Current Challenges of Human Computer Interaction (HCI) Design: What does this Mean for the Design of Virtual Learning Environments?},
	author={Carroll, Fiona},
	booktitle={User Interface Design for Virtual Environments: Challenges and Advances},
	pages={60--75},
	year={2012},
	publisher={IGI Global}
}

@article{bauerly2008effects,
	title={Effects of symmetry and number of compositional elements on interface and design aesthetics},
	author={Bauerly, Michael and Liu, Yili},
	journal={Intl. Journal of Human--Computer Interaction},
	volume={24},
	number={3},
	pages={275--287},
	year={2008},
	publisher={Taylor \& Francis}
}

@article{altaboli2011investigating,
	title={Investigating effects of screen layout elements on interface and screen design aesthetics},
	author={Altaboli, Ahamed and Lin, Yingzi},
	journal={Advances in Human-Computer Interaction},
	volume={2011},
	pages={5},
	year={2011},
	publisher={Hindawi Publishing Corp.}
}

@misc{mq,
	title = {{Media queries W3C recommendation}},
	howpublished = "\url{https://www.w3.org/TR/mediaqueries-4/}",
	author={MediaQueriesRecommendation},
	year={2017},
	note = "[Online; accessed 10-February-2020]"
}

@incollection{bryant2012responsive,
	title={Responsive web design},
	author={Bryant, Jay and Jones, Mike},
	booktitle={Pro HTML5 Performance},
	pages={37--49},
	year={2012},
	publisher={Springer}
}

@article{armstrong2014object,
	title={Object-based broadcasting-curation, responsiveness and user experience},
	author={Armstrong, Mike and Brooks, Matthew and Churnside, Anthony and Evans, Michael and Melchior, Frank and Shotton, Matthew},
	year={2014},
	publisher={IET}
}

@misc{nemsria,
	title = {{Community inputs gathered for a white paper on the strategic Research and Innovation Agenda in 2025 contributing to the design of the next FP9}},
	howpublished = "\url{https://nem-initiative.org/wp-content/uploads/2018/09/nem-sria-toward-fp9-final.pdf}",
	author={NEM},
	year={2018},
	note = "[Online; accessed 10-February-2020]"
}

@article{drira2007facility,
	title={Facility layout problems: A survey},
	author={Drira, Amine and Pierreval, Henri and Hajri-Gabouj, Sonia},
	journal={Annual reviews in control},
	volume={31},
	number={2},
	pages={255--267},
	year={2007},
	publisher={Elsevier}
}

@article{singh2006review,
	title={A review of different approaches to the facility layout problems},
	author={Singh, Surya P and Sharma, Renduchintala RK},
	journal={The International Journal of Advanced Manufacturing Technology},
	volume={30},
	number={5-6},
	pages={425--433},
	year={2006},
	publisher={Springer}
}

@incollection{hart1988development,
	title={Development of NASA-TLX (Task Load Index): Results of empirical and theoretical research},
	author={Hart, Sandra G and Staveland, Lowell E},
	booktitle={Advances in psychology},
	volume={52},
	pages={139--183},
	year={1988},
	publisher={Elsevier}
}

@article{weisstein2004ball,
	title={Ball Picking},
	author={Weisstein, Eric W},
	year={2004},
	publisher={Wolfram Research, Inc.}
}

@misc{modelGit,
	title = {{Model implementation in Github}},
	howpublished = "\url{https://github.com/tv-vicomtech/adaptationModel}",
	author={ModelInGithub},
	year={2020},
	note = "[Online; accessed 10-February-2020]"
}

@article{sarkis2018multi,
	title={A multi-screen refactoring system for video-centric web applications},
	author={Sarkis, Mira and Concolato, Cyril and Dufourd, Jean-Claude},
	journal={Multimedia Tools and Applications},
	volume={77},
	number={2},
	pages={1943--1970},
	year={2018},
	publisher={Springer}
}

@inproceedings{brudy2019cross,
	title={Cross-Device Taxonomy: Survey, Opportunities and Challenges of Interactions Spanning Across Multiple Devices},
	author={Brudy, Frederik and Holz, Christian and R{\"a}dle, Roman and Wu, Chi-Jui and Houben, Steven and Klokmose, Clemens Nylandsted and Marquardt, Nicolai},
	booktitle={Proceedings of the 2019 CHI Conference on Human Factors in Computing Systems},
	pages={562},
	year={2019},
	organization={ACM}
}
@incollection{cesar2008usages,
	title={Usages of the secondary screen in an interactive television environment: Control, enrich, share, and transfer television content},
	author={Cesar, Pablo and Bulterman, Dick CA and Jansen, AJ},
	booktitle={Changing television environments},
	pages={168--177},
	year={2008},
	publisher={Springer}
}

@article{vatavu2015evaluating,
	title={Evaluating visual attention for multi-screen television: measures, toolkit, and experimental findings},
	author={Vatavu, Radu-Daniel and Mancas, Matei},
	journal={Personal and Ubiquitous Computing},
	volume={19},
	number={5-6},
	pages={781--801},
	year={2015},
	publisher={Springer}
}
@article{mcnamara2006functionality,
	title={Functionality, usability, and user experience: three areas of concern},
	author={McNamara, Niamh and Kirakowski, Jurek},
	journal={interactions},
	volume={13},
	number={6},
	pages={26--28},
	year={2006},
	publisher={ACM}
}

@misc{W3C2012MQ,	
	title= {{Media Queries}},
	howpublished= {\url{http://www.w3.org/TR/css3-mediaqueries/}},
	author={CSSMediaQueries},
	year= {2012}
}

@misc{W3C2010WA,
	title= {{Mobile Web Application Best Practices}},
	howpublished= {\url{http://www.w3.org/TR/mwabp/}},
	author={MobileBestPractices},
	year= {2010}
}
@misc{W3C2014FB,	
	title= {{CSS Flexible Box Layout Module Level 1}},
	howpublished= {\url{http://www.w3.org/TR/css3-flexbox/}},
	author= {{CSSFlexibleBox}},
	year= {2014}
}
@misc{W3C2014Reg,
    title= {{CSS Regions Module Level 1}},
	howpublished= {\url{http://www.w3.org/TR/css3-flexbox/}},
	author= {{CSSRegions}},
	year= {2014}
}
@misc{W3C2014GL,	
	title= {{CSS Grid Layout Module Level 1}},
	howpublished= {\url{http://www.w3.org/TR/css3-grid-layout/}},
	author= {{CSSGridLayout}},
	year= {2014}
}
@misc{W3C2014WC,	
	title= {{Introduction to Web Components}},
	howpublished= {\url{http://w3c.github.io/webcomponents/explainer/}},
	author= {{WCIntroduction}},
	year= {2014}
}
@misc{T2013G,
	title= {{Google Believes Web Components Are The Future Of Web Development}},
	howpublished= {\url{http://tcrn.ch/2a1ZZpN}},
	author= {{Techrunch}},
	year= {2013}
}
@misc{W3C2014MQ,	
	title= {{Media Queries Level 4}},
	howpublished= {\url{http://dev.w3.org/csswg/mediaqueries4/\#script-custom-mq}},
	author= {{MQLevel4}},
	year= {2014}
}
@misc{W3C2014HTML,	
	title= {{HTML 5.1 Nightly. A vocabulary and associated APIs for HTML and XHTML}},
	howpublished= {\url{http://www.w3.org/html/wg/drafts/html/master/embedded-content.html\#the-source-element-when-used-with-the-picture-element}},
	author= {{HTML5.1}},
	year= {2014}
}
@misc{modernizr,
	title = {{Modernizr}},
	howpublished = "\url{https://modernizr.com/}",
	author= {{ModernizrWebsite}},
	year= {2020},	
	note = "[Online; accessed 10-February-2020]"
}
@misc{featurejs,
	title = {{Feature.js}},
	howpublished = "\url{http://featurejs.com/}",
	author= {{FeatureWebsite}},
	year= {2020},
	note = "[Online; accessed 10-February-2020]"
}
@misc{detectizr,
	title = {{detectizr.js}},
	howpublished = "\url{https://github.com/barisaydinoglu/Detectizr}",
	author= {{DetectizrWebsite}},
	year= {2020},
	note = "[Online; accessed 10-February-2020]"
}
@misc{categorizr,
	title = {{Categorizr}},
	howpublished = "\url{https://www.npmjs.com/package/categorizr}",
	author= {{CategorizrWebsite}},
	year= {2020},
	note = "[Online; accessed 10-February-2020]"
}

@misc{uaparser,
	title = {{ua-parser-js}},
	howpublished = "\url{https://github.com/faisalman/ua-parser-js}",
	author= {{UAParserWebsite}},
	year= {2020},
	note = "[Online; accessed 10-February-2020]"
}

@misc{jsdelivr,
	title = {{jsDelivr}},
	howpublished = "\url{https://www.jsdelivr.com/}",
	author= {{jsDelivrWebsite}},
	year= {2020},
	note = "[Online; accessed 10-February-2020]"
}

@misc{browscap,
	title = {{Browscap database}},
	howpublished = "\url{https://browscap.org/}",
	author= {{BrowscapSource}},
	year= {2020},
	note = "[Online; accessed 10-February-2020]"
}
@misc{falsepositive,
	title = {{Browsers false positives}},
	howpublished = "\url{http://www.stucox.com/blog/you-cant-detect-a-touchscreen/}",
	author= {{BrowsersFalsePositives}},
	year= {2020},
	note = "[Online; accessed 10-February-2020]"
}
@misc{mobiledet,
	title = {{mobile-detect.js}},
	howpublished = "\url{http://hgoebl.github.io/mobile-detect.js/}",
	author= {{mobileDetectWebsite}},
	year= {2020},
	note = "[Online; accessed 10-February-2020]"
}
@misc{uagit,
	title = {{UA dataset on GitHub}},
	howpublished = "\url{https://github.com/tv-vicomtech/deviceCharacterisationMethods/tree/master/UA}",
	author= {{UADataset}},
	year= {2019},
	note = "[Online; accessed 10-February-2020]"
}
@article{vsm,
	title={Document ranking and the vector-space model},
	author={Lee, Dik L and Chuang, Huei and Seamons, Kent},
	journal={IEEE software},
	volume={14},
	number={2},
	pages={67--75},
	year={1997},
	publisher={IEEE}
}
@misc{vsmgit,
	title = {{VSM profiler code on GitHub}},
	howpublished = "\url{https://github.com/tv-vicomtech/deviceCharacterisationMethods/tree/master/vsmProfiler}",
	author= {{VSMGitHub}},
	year= {2019},
	note = "[Online; accessed 10-February-2020]"
}
@book{appliedlr,
	title={Applied logistic regression},
	author={Hosmer Jr, David W and Lemeshow, Stanley and Sturdivant, Rodney X},
	volume={398},
	year={2013},
	publisher={John Wiley \& Sons}
}
@misc{logreggit,
	title = {{Logistic regression profiler code on GitHub}},
	howpublished = "\url{https://github.com/tv-vicomtech/deviceCharacterisationMethods/tree/master/logRegProfiler}",
	author= {{LogisticRegressionGitHub}},
	year= {2019},
	note = "[Online; accessed 10-February-2020]"
}
@book{deep,
	title={Deep Learning},
	author={Ian Goodfellow and Yoshua Bengio and Aaron Courville},
	publisher={MIT Press},
	note={\url{http://www.deeplearningbook.org}},
	year={2016}
}
@book{werbos1975beyond,
	title={Beyond Regression: New Tools for Prediction and Analysis in the Behavioral Sciences},
	author={Werbos, P.J.},
	url={https://books.google.es/books?id=z81XmgEACAAJ},
	year={1975},
	publisher={Harvard University}
}
@misc{chollet2015keras,
	title={Keras},
	author={Chollet, Fran\c{c}ois and others},
	year={2020},
	howpublished={\url{https://keras.io}},
	note = "[Online; accessed 10-February-2020]"
}
@misc{catcrosent,
	title = {{Categorical crossentropy}},
	howpublished = "\url{https://keras.io/losses/\#categorical_crossentropy}",
	author= {{Keras}},
	year= {2020},
	note = "[Online; accessed 10-February-2020]"
}
@misc{neugit,
	title = {{Neural profiler code on GitHub}},
	howpublished = "\url{https://github.com/tv-vicomtech/deviceCharacterisationMethods/tree/master/neuralProfiler}",
	author= {{NeuralNetworkGitHub}},
	year= {2019},
	note = "[Online; accessed 10-February-2020]"
}
@book{Bishop,
	author = {Bishop, Christopher M.},
	title = {Pattern Recognition and Machine Learning (Information Science and Statistics)},
	year = {2006},
	isbn = {0387310738},
	publisher = {Springer-Verlag},
	address = {Berlin, Heidelberg},
}
@article{chawla2002smote,
	title={SMOTE: synthetic minority over-sampling technique},
	author={Chawla, Nitesh V and Bowyer, Kevin W and Hall, Lawrence O and Kegelmeyer, W Philip},
	journal={Journal of artificial intelligence research},
	volume={16},
	pages={321--357},
	year={2002}
}
@article{gers1999learning,
	title={Learning to forget: Continual prediction with LSTM},
	author={Gers, Felix A and Schmidhuber, J{\"u}rgen and Cummins, Fred},
	year={1999},
	publisher={IET}
}
@inproceedings{chen2016xgboost,
	title={Xgboost: A scalable tree boosting system},
	author={Chen, Tianqi and Guestrin, Carlos},
	booktitle={Proceedings of the 22nd acm sigkdd international conference on knowledge discovery and data mining},
	pages={785--794},
	year={2016},
	organization={ACM}
}
@article{kingma2014adam,
	title={Adam: A method for stochastic optimization},
	author={Kingma, Diederik P and Ba, Jimmy},
	journal={arXiv preprint arXiv:1412.6980},
	year={2014}
}
@inproceedings{romero2016operator,
	title={The operator 4.0: human cyber-physical systems \& adaptive automation towards human-automation symbiosis work systems},
	author={Romero, David and Bernus, Peter and Noran, Ovidiu and Stahre, Johan and Fast-Berglund, {\AA}sa},
	booktitle={IFIP international conference on advances in production management systems},
	pages={677--686},
	year={2016},
	organization={Springer}
}
@inproceedings{funk2016motioneap,
	title={motioneap: An overview of 4 years of combining industrial assembly with augmented reality for industry 4.0},
	author={Funk, Markus and Kosch, Thomas and Kettner, Romina and Korn, Oliver and Schmidt, Albrecht},
	booktitle={Proceedings of the 16th international conference on knowledge technologies and datadriven business},
	pages={4},
	year={2016}
}
@article{toro2015perspective,
	title={A perspective on Knowledge Based and Intelligent systems implementation in Industrie 4.0},
	author={Toro, Carlos and Barandiaran, I{\~n}igo and Posada, Jorge},
	journal={Procedia Computer Science},
	volume={60},
	pages={362--370},
	year={2015},
	publisher={Elsevier}
}

@misc{kimuaGr,
	title = {{Kimua Group Website}},
	howpublished = "\url{www.kimuagroup.com}",
	author= {{KimuaWebsite}},
	year= {2020},
	note = "[Online; accessed 10-February-2020]"
}

@article{posada2018graphics,
	title={Graphics and media technologies for operators in industry 4.0},
	author={Posada, Jorge and Zorrilla, Mikel and Dominguez, Ana and Simoes, Bruno and Eisert, Peter and Stricker, Didier and Rambach, Jason and D{\"o}llner, J{\"u}rgen and Guevara, Miguel},
	journal={IEEE computer graphics and applications},
	volume={38},
	number={5},
	pages={119--132},
	year={2018},
	publisher={IEEE}
}

@book{han2011data,
	title={Data mining: concepts and techniques},
	author={Han, Jiawei and Pei, Jian and Kamber, Micheline},
	year={2011},
	publisher={Elsevier}
}
@article{eibe2005data,
	title={Data mining: practical machine learning tools and techniques},
	author={Eibe, Frank and Witten, IH},
	journal={Morgan Kaufmann Publishers Inc. San Francisco, USA},
	year={2005}
}
@misc{dial,
	title = {{Dial protocol Specification}},
	howpublished = "\url{http://www.dial-multiscreen.org/dial-protocol-specification}",
	author= {{DialWebsite}},
	year= {2018},
	note = "[Online; accessed 10-February-2020]"
}
@misc{nws,
	title = {{Named WebSockets Specification}},
	howpublished = "\url{http://namedwebsockets.github.io/spec/}",
	author= {{NWSSpec}},
	year= {2014},
	note = "[Online; accessed 10-February-2020]"
}
@misc{netWS,
	title = {{Network Web Sockets development}},
	howpublished = "\url{https://github.com/namedwebsockets/networkwebsockets}",
	author= {{NWSSpec}},
	year= {2015},
	note = "[Online; accessed 10-February-2020]"
}

@misc{timingComGr,
	title = {{Multi-device timing community group}},
	howpublished = "\url{https://www.w3.org/community/webtiming/}",
	author= {{MDTimingCGr}},
	year= {2015},
	note = "[Online; accessed 10-February-2020]"
}
@misc{mediasync,
	title = {{MediaSync demo}},
	howpublished = "\url{https://webtiming.github.io/timingsrc/doc/online\_mediasync.html}",
	author= {{MediaSync}},
	year= {2015},
	note = "[Online; accessed 10-February-2020]"
}
@misc{sequencer,
	title = {{Sequencer demo}},
	howpublished = "\url{https://webtiming.github.io/timingsrc/doc/online\_sequencer.html}",
	author= {{Sequencer}},
	year= {2015},
	note = "[Online; accessed 10-February-2020]"
}
@misc{shmotion,
	title = {{Shared Motion}},
	howpublished = "\url{https://webtiming.github.io/timingsrc/doc/shared\_motion.html}",
	author= {{SharedMotion}},
	year= {2015},
	note = "[Online; accessed 10-February-2020]"	
}
@misc{gridster,
	title = {{Gridster.js Website}},
	howpublished = "\url{http://gridster.net/}",
	author= {{Gridster}},
	year= {2020},
	note = "[Online; accessed 10-February-2020]"
}

@misc{cssreg,
	title = {{CSS Regions library}},
	howpublished = "\url{https://github.com/FremyCompany/css-regions-polyfill}",
	author= {{CSSRegion}},
	year= {2015},
	note = "[Online; accessed 10-February-2020]"	
}

@misc{mozxul,
	title = {{Mozilla XUL}},
	howpublished = "\url{https://developer.mozilla.org/en-US/docs/Mozilla/Tech/XUL}",
	author= {{MozXUL}},
	year= {2015},
	note = "[Online; accessed 10-February-2020]"	
}
@misc{kontx,
	title = {{Kontx Yahoo}},
	howpublished = "\url{https://developer.yahoo.com/connectedtv/kontxapiref/}",
	author= {{Kontx}},
	year= {2015},
	note = "[Online; accessed 10-February-2020]"
}
@misc{enyo,
	title = {{Enyo framework}},
	howpublished = "\url{http://enyojs.com/}",
	author= {{Enyo}},
	year= {2012},
	note = "[Online; accessed 10-February-2020]"	
}
@misc{bootstrap,
	title = {{Bootstrap framework}},
	howpublished = "\url{http://getbootstrap.com/}",
	author= {{Bootstrap}},
	year= {2011},
	note = "[Online; accessed 10-February-2020]"	
}
@misc{xtag,
	title = {{X-Tag library}},
	howpublished = "\url{http://x-tags.org/}",
	author= {{XTag}},
	year= {2014},
	note = "[Online; accessed 10-February-2020]"	
}

@misc{polymer,
	title = {{Polymer Project}},
	howpublished = "\url{https://www.polymer-project.org/}",
	author= {{Polymer}}}},
	year= {2014},
	note = "[Online; accessed 10-February-2020]"	
}
@misc{bosonic,
	title = {{Bosonic library}},
	howpublished = "\url{http://bosonic.github.io/}",
	author= {{Bosonic}},
	year= {2015},
	note = "[Online; accessed 10-February-2020]"	
}
@book{montagud2018mediasync,
	title={MediaSync: Handbook on Multimedia Synchronization},
	author={Montagud, Mario and Cesar, Pablo and Boronat, Fernando and Jansen, Jack},
	year={2018},
	publisher={Springer}
}
@article{van2016standards,
	title={Standards for multi-stream and multi-device media synchronization},
	author={van Deventer, M Oskar and Stokking, Hans and Hammond, Matt and Le Feuvre, Jean and Cesar, Pablo},
	journal={IEEE Communications Magazine},
	volume={54},
	number={3},
	pages={16--21},
	publisher={IEEE},
	year={2016}
}
@inproceedings{ziegler2017time,
	title={On time or not on time: A user study on delays in a synchronised companion-screen experience},
	author={Ziegler, Christoph and Keimel, Christian and Ramdhany, Rajiv and Vinayagamoorthy, Vinoba},
	booktitle={Proceedings of the 2017 ACM International Conference on Interactive Experiences for TV and Online Video},
	pages={105--114},
	year={2017}
}

@article{boronat2017hbbtv,
	title={HbbTV-compliant platform for hybrid media delivery and synchronization on single-and multi-device scenarios},
	author={Boronat, Fernando and Marfil, Dani and Montagud, Mario and Pastor, Javier},
	journal={IEEE Transactions on Broadcasting},
	volume={64},
	number={3},
	pages={721--746},
	year={2017},
	publisher={IEEE}
}
@article{boronat2017hybrid,
	title={Hybrid broadcast/broadband TV services and media synchronization: demands, preferences and expectations of Spanish consumers},
	author={Boronat, Fernando and Montagud, Mario and Marfil, Dani and Luz{\'o}n, Clara},
	journal={IEEE Transactions on Broadcasting},
	volume={64},
	number={1},
	pages={52--69},
	year={2017},
	publisher={IEEE}
}






